<?xml version="1.0" encoding="UTF-8"?><collection xmlns="http://www.loc.gov/MARC21/slim"><record><leader>00555nam--2200169-i-4500</leader><controlfield tag="001">000000193</controlfield><controlfield tag="002">20161230</controlfield><controlfield tag="005">20161230201023</controlfield><controlfield tag="008">060222s1000------------r-----000-0-eng-d</controlfield><datafield ind1=" " ind2=" " tag="040"><subfield code="a">IFIN-HH</subfield></datafield><datafield ind1=" " ind2=" " tag="080"><subfield code="a">539.1</subfield></datafield><datafield ind1="1" ind2=" " tag="110"><subfield code="a">Department Of Atomic Energy</subfield></datafield><datafield ind1="1" ind2="0" tag="245"><subfield code="a">Proceedings of the nuclear physics and solid state physics symposium chandigarh 28 december 1972 - 1 january 1973</subfield><subfield code="b">Volume 15 c solid state physics 1972</subfield></datafield><datafield ind1=" " ind2=" " tag="260"><subfield code="a">Chandigarh</subfield><subfield code="b">Department Of Atomic Energy</subfield><subfield code="c">1973</subfield></datafield><datafield ind1=" " ind2=" " tag="300"><subfield code="a">711P</subfield></datafield><datafield ind1=" " ind2=" " tag="852"><subfield code="a">38355</subfield><subfield code="c">539</subfield></datafield><datafield ind1=" " ind2=" " tag="CAT"><subfield code="a">Sys</subfield><subfield code="c">20111010</subfield><subfield code="h">113220</subfield></datafield></record></collection>